@article{davies2021estimated,
  title={{Estimated transmissibility and severity of novel SARS-CoV-2 Variant of Concern 202012/01 in England}},
  author={Davies, Nicholas G and Abbott, Sam and Barnard, Rosanna C and Jarvis, Christopher I and Kucharski, Adam J and Munday, James and Pearson, Carl AB and Russell, Timothy W and Tully, Damien C and Washburne, Alex D and others},
  journal={MedRxiv},
  pages={2020--12},
  year={2021},
  publisher={Cold Spring Harbor Laboratory Press}
}

@article{leung2021early,
  title={{Early transmissibility assessment of the N501Y mutant strains of SARS-CoV-2 in the United Kingdom, October to November 2020}},
  author={Leung, Kathy and Shum, Marcus HH and Leung, Gabriel M and Lam, Tommy TY and Wu, Joseph T},
  journal={Eurosurveillance},
  volume={26},
  number={1},
  pages={2002106},
  year={2021},
  publisher={European Centre for Disease Prevention and Control}
}

@article{volz2021transmission,
  title={{Transmission of SARS-CoV-2 Lineage B. 1.1. 7 in England: Insights from linking epidemiological and genetic data}},
  author={Volz, Erik and Mishra, Swapnil and Chand, Meera and Barrett, Jeffrey C and Johnson, Robert and Geidelberg, Lily and Hinsley, Wes R and Laydon, Daniel J and Dabrera, Gavin and Oâ€™Toole, {\'A}ine and others},
  journal={medRxiv},
  pages={2020--12},
  year={2021},
  publisher={Cold Spring Harbor Laboratory Press}
}

@article{zhao2021,
    author = {Zhao, Shi and Lou, Jingzhi and Cao, Lirong and Zheng, Hong and Chong, Marc K C and Chen, Zigui and Chan, Renee W Y and Zee, Benny C Y and Chan, Paul K S and Wang, Maggie H},
    title = {{Quantifying the transmission advantage associated with N501Y substitution of SARS-CoV-2 in the UK: an early data-driven analysis}},
    journal = {Journal of Travel Medicine},
    year = {2021},
    month = {01},
    abstract = "{The emerging N501Y mutation in severe acute respiratory syndrome coronavirus 2, which becomes prevalent in the UK rapidly, is one of the major challenges of COVID-19 control. To explore the transmission advantage, we estimate that the N501Y substitution increases the infectivity by 52\\% (95\\% confidence interval: 46, 58) in terms of the reproduction number.}",
    issn = {1708-8305},
    doi = {10.1093/jtm/taab011},
    url = {https://doi.org/10.1093/jtm/taab011},
    note = {taab011},
    eprint = {https://academic.oup.com/jtm/advance-article-pdf/doi/10.1093/jtm/taab011/36271049/taab011.pdf},
}

@book{anderson1991infectious,
  title={Infectious diseases of humans: dynamics and control},
  author={Anderson, Roy M and May, Robert M},
  year={1991},
  publisher={Oxford university press}
}

@article{wallinga2007generation,
  title={How generation intervals shape the relationship between growth rates and reproductive numbers},
  author={Wallinga, Jacco and Lipsitch, Marc},
  journal={Proceedings of the Royal Society B: Biological Sciences},
  volume={274},
  number={1609},
  pages={599--604},
  year={2007},
  publisher={The Royal Society London}
}

@article{svensson2007note,
  title={A note on generation times in epidemic models},
  author={Svensson, {\AA}ke},
  journal={Mathematical biosciences},
  volume={208},
  number={1},
  pages={300--311},
  year={2007},
  publisher={Elsevier}
}

@article{roberts2007model,
  title={Model-consistent estimation of the basic reproduction number from the incidence of an emerging infection},
  author={Roberts, MG and Heesterbeek, JAP},
  journal={Journal of mathematical biology},
  volume={55},
  number={5-6},
  pages={803},
  year={2007},
  publisher={Springer}
}

@article{dushoff2020speed,
  title={Speed and strength of an epidemic intervention},
  author={Dushoff, Jonathan and Park, Sang Woo},
  journal={BioRxiv},
  year={2020},
  publisher={Cold Spring Harbor Laboratory}
}

@article{kissler2021densely,
  title={{Densely sampled viral trajectories suggest longer duration of acute infection with B.1.1.7 variant relative to non-B.1.1.7 SARS-CoV-2}},
  author={Kissler, Stephen and Fauver, Joseph R and Mack, Christina and Tai, Caroline G and Breban, Mallery I and Watkins, Anne E and Samant, Radhika M and Anderson, Deverick J and Ho, David D and Grubaugh, Nathan D and Grad, Yonatan H},
  journal={medRxiv},
  year={2021}
}
